<record><leader>00000cas a2200000 a 4500</leader><controlfield tag="001">36853003</controlfield><controlfield tag="008">970505d19611961orudn ne      0    0eng c</controlfield><datafield ind1=" " ind2=" " tag="010"><subfield code="a">sn 96088014 </subfield></datafield><datafield ind1=" " ind2=" " tag="040"><subfield code="a">OCN</subfield><subfield code="b">eng</subfield><subfield code="c">OCN</subfield><subfield code="d">OCLCQ</subfield><subfield code="d">ORU</subfield><subfield code="d">OCLCF</subfield><subfield code="d">OCLCO</subfield></datafield><datafield ind1="1" ind2=" " tag="029"><subfield code="a">AU@</subfield><subfield code="b">000013249741</subfield></datafield><datafield ind1=" " ind2=" " tag="042"><subfield code="a">pcc</subfield></datafield><datafield ind1=" " ind2=" " tag="043"><subfield code="a">n-us-or</subfield></datafield><datafield ind1="0" ind2="4" tag="245"><subfield code="a">The daily Astorian evening budget.</subfield></datafield><datafield ind1="3" ind2="0" tag="246"><subfield code="a">Daily Astorian</subfield></datafield><datafield ind1="1" ind2="3" tag="246"><subfield code="a">Astorian-budget</subfield></datafield><datafield ind1=" " ind2=" " tag="260"><subfield code="a">Astoria, Or. :</subfield><subfield code="b">Astorian-Budget Pub. Co.,</subfield><subfield code="c">1961.</subfield></datafield><datafield ind1=" " ind2=" " tag="300"><subfield code="a">v.</subfield></datafield><datafield ind1=" " ind2=" " tag="310"><subfield code="a">Daily (except Sun. and holidays)</subfield></datafield><datafield ind1="0" ind2=" " tag="362"><subfield code="a">Vol. 87, no. 1 (Jan. 2, 1961)-v. 87, no. 55 (Mar. 6, 1961).</subfield></datafield><datafield ind1=" " ind2=" " tag="530"><subfield code="a">Also available on microfilm from University of Oregon.</subfield></datafield><datafield ind1=" " ind2="0" tag="651"><subfield code="a">Astoria (Or.)</subfield><subfield code="v">Newspapers.</subfield></datafield><datafield ind1=" " ind2="0" tag="651"><subfield code="a">Clatsop County (Or.)</subfield><subfield code="v">Newspapers.</subfield></datafield><datafield ind1=" " ind2="7" tag="655"><subfield code="a">Newspapers.</subfield><subfield code="2">fast</subfield><subfield code="0">(OCoLC)fst01423814</subfield></datafield><datafield ind1=" " ind2="7" tag="651"><subfield code="a">Oregon</subfield><subfield code="z">Astoria.</subfield><subfield code="2">fast</subfield><subfield code="0">(OCoLC)fst01217113</subfield></datafield><datafield ind1=" " ind2="7" tag="651"><subfield code="a">Oregon</subfield><subfield code="z">Clatsop County.</subfield><subfield code="2">fast</subfield><subfield code="0">(OCoLC)fst01212951</subfield></datafield><datafield ind1=" " ind2=" " tag="752"><subfield code="a">United States</subfield><subfield code="b">Oregon</subfield><subfield code="c">Clatsop</subfield><subfield code="d">Astoria.</subfield></datafield><datafield ind1="0" ind2=" " tag="775"><subfield code="t">Weekly Astorian (Astoria, Or.)</subfield><subfield code="w">(DLC)sn 96088017</subfield><subfield code="w">(OCoLC)36862658</subfield></datafield><datafield ind1="0" ind2="0" tag="780"><subfield code="t">Astorian-budget</subfield><subfield code="w">(DLC)sn 96088011</subfield><subfield code="w">(OCoLC)36853046</subfield></datafield><datafield ind1="0" ind2="0" tag="785"><subfield code="t">Daily Astorian</subfield><subfield code="x">0739-5078</subfield><subfield code="w">(DLC)sn 83008376</subfield><subfield code="w">(OCoLC)9748406</subfield></datafield></record>